<?xml version="1.0" encoding="UTF-8"?><collection xmlns="http://www.loc.gov/MARC21/slim"><record><leader>00393nam--2200157-i-4500</leader><controlfield tag="001">000011464</controlfield><controlfield tag="002">20161230</controlfield><controlfield tag="005">20170116230924</controlfield><controlfield tag="008">060222s1000------------r-----000-0-eng-d</controlfield><datafield ind1=" " ind2=" " tag="100"><subfield code="a">Abraham, Ralph H</subfield></datafield><datafield ind1=" " ind2=" " tag="245"><subfield code="a">Transversal Mapping And Flows</subfield></datafield><datafield ind1=" " ind2=" " tag="260"><subfield code="a">New York</subfield><subfield code="b">W.A. Benjamin, Inc</subfield><subfield code="c">1967</subfield></datafield><datafield ind1=" " ind2=" " tag="300"><subfield code="a">X+161 p</subfield></datafield><datafield ind1=" " ind2=" " tag="700"><subfield code="a">Robbin, Joel</subfield></datafield><datafield ind1=" " ind2=" " tag="852"><subfield code="a">513.73</subfield></datafield><datafield ind1=" " ind2=" " tag="CAT"><subfield code="a">SYS</subfield><subfield code="c">20170116</subfield><subfield code="h">230924</subfield></datafield></record></collection>